%% This BibTeX bibliography file was created using BibDesk.
%% http://bibdesk.sourceforge.net/


%% Created for andreas at 2015-06-22 23:54:33 +0200 


%% Saved with string encoding Unicode (UTF-8) 



@article{gronau_auswahl_2001,
	Author = {Gronau, N.},
	Date-Added = {2015-06-22 20:46:35 +0000},
	Date-Modified = {2015-06-22 20:47:25 +0000},
	Journal = {PPS Management},
	Number = {6},
	Pages = {14-18},
	Title = {Auswahl und Einf{\"u}hrung industrieller Standardsoftware},
	Year = {2001}}

@misc{evalag_eckpunkte_2012,
	Author = {{evalag (Evaluationsagentur Baden-W{\"u}rttemberg)}},
	Date-Added = {2015-06-22 20:06:17 +0000},
	Date-Modified = {2015-06-22 20:07:59 +0000},
	Howpublished = {\url{https://www.evalag.de/dedievl/projekt01/media/pdf/qm/audit/evalag_eckpunkte_qualitaetsmanagement.pdf} (22.06.2015)},
	Title = {Eckpunkte f{\"u}r ein Qualit{\"a}tsmanagement an Hochschulen},
	Year = {2012}}

@misc{statistisches_bundesamt_2015,
	Author = {{Statistisches Bundesamt}},
	Howpublished = {\url{https://www.destatis.de/DE/ZahlenFakten/GesellschaftStaat/EinkommenKonsumLebensbedingungen/AusstattungGebrauchsguetern/Tabellen/A_Infotechnik_D_LWR.html} (22.06.2015)},
	Title = {Ausstattung mit Gebrauchsg{\"u}tern},
	Year = {2015}}

@misc{ardzdf_studie_2014,
	Author = {{ARD/ZDF-Medienkommission}},
	Howpublished = {\url{http://www.ard-zdf-onlinestudie.de/index.php?id=502} (22.06.2015)},
	Title = {Onlinenutzung},
	Year = {2014}}

@misc{alfresco_dm_url,
	Author = {{Alfresco Software Inc.}},
	Date-Added = {2015-06-21 13:15:29 +0000},
	Date-Modified = {2015-06-21 13:16:42 +0000},
	Howpublished = {\url{https://www.alfresco.com/de/solutions/document-management} (28.05.2015)},
	Title = {Dokumentenmanagement},
	Year = {2015}}

@misc{typo3_installing_url,
	Author = {{TYPO3 Association}},
	Date-Added = {2015-06-21 12:30:25 +0000},
	Date-Modified = {2015-06-21 12:42:05 +0000},
	Howpublished = {\url{https://github.com/TYPO3/TYPO3.CMS/blob/master/INSTALL.md} (28.05.2015)},
	Title = {Installing TYPO3},
	Year = {2015}}

@misc{typo3_upgrade_url,
	Author = {{TYPO3 Association}},
	Date-Added = {2015-06-21 12:30:25 +0000},
	Date-Modified = {2015-06-21 12:33:57 +0000},
	Howpublished = {\url{http://wiki.typo3.org/Upgrade} (28.05.2015)},
	Title = {TYPO3 Upgrade},
	Year = {1998-2013}}

@misc{typo3_overview_url,
	Author = {{TYPO3 Association}},
	Date-Added = {2015-06-21 12:30:25 +0000},
	Date-Modified = {2015-06-21 12:33:57 +0000},
	Howpublished = {\url{http://typo3.org/typo3-cms/overview/} (28.05.2015)},
	Title = {TYPO3 {\"U}bersicht},
	Year = {1998-2013}}

@book{muller2013betriebswirtschaftslehre,
	Author = {M{\"u}ller, D.},
	Date-Added = {2015-06-17 20:14:12 +0000},
	Date-Modified = {2015-06-17 20:14:12 +0000},
	Publisher = {Springer},
	Title = {Betriebswirtschaftslehre f{\"u}r Ingenieure},
	Year = {2013}}

@techreport{lang_cios_2014,
	Author = {Lang, U.},
	Editor = {Wimmer, M.},
	Date-Added = {2015-06-08 17:31:28 +0000},
	Date-Modified = {2015-06-08 17:34:29 +0000},
	Institution = {Zentren f{\"u}r Kommunikation und Informationsverarbeitung e.V},
	Title = {CIOs und IT-Governance an deutschen Hochschulen},
	Year = {2014}}

@article{kleinhesseling_change_2011,
	Author = {Kleinhesseling, F.},
	Date-Added = {2015-06-04 15:40:30 +0000},
	Date-Modified = {2015-06-04 15:41:24 +0000},
	Journal = {IHK Wirtschaftsforum},
	Month = {Juli},
	Title = {Change Management IT-Projekte erfolgreich umsetzen},
	Year = {2011}}

@article{feldmuller_change_2007,
	Author = {Feldm{\"u}ller, D. and M{\"u}tter, J.},
	Date-Added = {2015-06-04 15:04:47 +0000},
	Date-Modified = {2015-06-04 15:05:45 +0000},
	Journal = {LDVZ-Nachrichten},
	Number = {1},
	Title = {Change Management und IT-Projekte},
	Year = {2007}}

@book{fuchs_change_2007,
	Author = {Fuchs, M.},
	Date-Added = {2015-06-04 14:58:53 +0000},
	Date-Modified = {2015-06-04 15:00:14 +0000},
	Publisher = {Dr. Kovac Verlag},
	Title = {Change Management an Hochschulen},
	Year = {2007}}

@article{cohen_major_2005,
	Author = {Cohen, A. and Fetters, M. and Fleischmann, F.},
	Date-Added = {2015-06-04 14:55:19 +0000},
	Date-Modified = {2015-06-04 14:57:40 +0000},
	Journal = {Advances in Developing Human Resources},
	Month = {8},
	Title = {Major Change at Babson College, Curricular and Administrative, Planned and Otherwise},
	Year = {2005}}

@techreport{merkle_aufbau_2004,
	Author = {Merkle, A. J.},
	Date-Added = {2015-06-03 15:38:18 +0000},
	Date-Modified = {2015-06-03 15:39:23 +0000},
	Institution = {Berufsverband Information Bibliothek e.V.},
	Number = {8},
	Title = {Aufbau einer Biblitothek},
	Type = {Checklisten},
	Year = {2004}}

@article{kaufmann_feinschliff_2002,
	Author = {Kaufmann, L.},
	Date-Added = {2015-06-03 15:05:31 +0000},
	Date-Modified = {2015-06-03 15:06:43 +0000},
	Journal = {Hardvard Businessmanager},
	Number = {6},
	Title = {Der Feinschliff f{\"u}r die Strategie},
	Year = {2002}}

@book{gabriel_inm_2003,
	Author = {Gabriel, R. and Beier, D.},
	Date-Added = {2015-06-03 15:00:16 +0000},
	Date-Modified = {2015-06-03 15:02:16 +0000},
	Editor = {von der Oelsnitz, D.},
	Publisher = {Kohlhammer},
	Title = {Informationsmanagement in Organisationen},
	Year = {2003}}

@book{friedag_scorecard_2004,
	Author = {Friedag, H. and Schmidt, W.},
	Date-Added = {2015-06-03 14:55:41 +0000},
	Date-Modified = {2015-06-03 14:57:46 +0000},
	Publisher = {Haufe},
	Title = {Balanced Scorecard},
	Year = {2004}}

@book{bleicher_organisation_1991,
	Author = {Bleicher, K.},
	Date-Added = {2015-06-03 14:51:33 +0000},
	Date-Modified = {2015-06-03 14:53:05 +0000},
	Publisher = {Dr. Th. Gabler Verlag},
	Title = {Organisation: Strategien - Strukturen - Kulturen},
	Year = {1991}}

@book{gadatsch_it-controlling_2012,
	Author = {Gadatsch, A.},
	Date-Added = {2015-06-03 14:45:41 +0000},
	Date-Modified = {2015-06-03 14:47:48 +0000},
	Publisher = {Vieweg+Teubner Verlag},
	Title = {IT-Controlling: Praxiswissen f{\"u}r IT-Controller und Chief-Information-Officer},
	Year = {2012}}

@book{helmke_management_2013,
	Author = {Helmke, S.},
	Date-Added = {2015-06-03 14:40:38 +0000},
	Date-Modified = {2015-06-03 14:41:31 +0000},
	Editor = {Uebel, M.},
	Publisher = {Springer Fachmedien Wiesbaden},
	Title = {Managementorientiertes IT-Controlling und IT-Governance},
	Year = {2013}}

@article{schroder_wertorientiertes_2005,
	Author = {Schr{\"o}der, J. and Sp{\"a}ne, A. and Schr{\"o}der, G.},
	Date-Added = {2015-06-03 14:38:51 +0000},
	Date-Modified = {2015-06-03 14:39:50 +0000},
	Journal = {CIOMagazin},
	Number = {Sonderheft 01},
	Pages = {34-37},
	Title = {Wertorientiertes IT-Controlling},
	Year = {2005}}

@book{picot_grenzenlos_2003,
	Author = {Picot, A. and Reichwald, R. and Wigand, R. T.},
	Date-Added = {2015-06-03 13:27:11 +0000},
	Date-Modified = {2015-06-03 13:29:27 +0000},
	Publisher = {Gabler Verlag},
	Title = {Die grenzenlose Unternehmung},
	Year = {2003}}

@article{wollnik_referenzmodell_1988,
	Author = {Wollnik, M.},
	Date-Added = {2015-06-03 13:01:28 +0000},
	Date-Modified = {2015-06-03 13:02:15 +0000},
	Journal = {Information Management},
	Number = {3},
	Pages = {34-43},
	Title = {Ein Referenzmodell des Informations-Management.},
	Year = {1988}}

@book{heinrich_inm_2002,
	Author = {Heinrich, L. J.},
	Date-Added = {2015-06-03 12:54:58 +0000},
	Date-Modified = {2015-06-03 12:57:04 +0000},
	Publisher = {Oldenbourg},
	Title = {Informationsmanagement - Planung, {\"U}berwachung und Steuerung der Informationsinfrastruktur},
	Volume = {7},
	Year = {2002}}

@book{heinrich_informationsmanagement_2005,
	Author = {Heinrich, L. J. and Lehner, F.},
	Date-Added = {2015-06-03 12:52:03 +0000},
	Date-Modified = {2015-06-03 12:52:41 +0000},
	Publisher = {Oldenbourg},
	Title = {Informationsmanagement},
	Year = {2005}}

@book{dippold_datenmanagement_2005,
	Author = {Dippold, R. and Meier, A. and Schnider, W. and Schwinn, K.},
	Date-Added = {2015-06-02 18:11:09 +0000},
	Date-Modified = {2015-06-02 18:12:11 +0000},
	Publisher = {Vieweg+Teubner Verlag},
	Title = {Unternehmensweites Datenmanagement},
	Year = {2005}}

@book{krcmar_informationsmanagement_2015,
	Author = {Krcmar, H.},
	Publisher = {Springer Berlin Heidelberg},
	Title = {Informationsmanagement},
	Year = {2015}}

@article{bode_informationsbegriff_1997,
	Author = {Bode, J.},
	Date-Added = {2015-06-02 18:01:52 +0000},
	Date-Modified = {2015-06-02 18:04:14 +0000},
	Journal = {Zeitschrift f{\"u}r betriebswirtschaftliche Forschung ZfbF},
	Pages = {449-468},
	Title = {Der Informationsbegriff in der Betriebswirtschaftslehre},
	Volume = {5},
	Year = {1997}}

@book{wittmann_unternehmung_1959,
	Author = {Wittmann, W.},
	Date-Added = {2015-06-02 17:53:09 +0000},
	Date-Modified = {2015-06-02 17:53:58 +0000},
	Publisher = {VS Verlag f{\"u}r Sozialwissenschaften},
	Title = {Unternehmung und Unvollkommene Information},
	Year = {1959}}

@book{probst_wissen_2006,
	Author = {Probst, G. and Raub, S. and Romhardt, K.},
	Date-Added = {2015-06-02 17:50:24 +0000},
	Date-Modified = {2015-06-02 17:51:18 +0000},
	Publisher = {Gabler Verlag},
	Title = {Wissen managen},
	Year = {2006}}

@book{voss_informationsmanagement_2001,
	Author = {Vo{\ss}, S. and Gutenschwager, K.},
	Date-Added = {2015-06-02 17:48:12 +0000},
	Date-Modified = {2015-06-02 17:49:00 +0000},
	Publisher = {Springer-Verlag Berlin Heidelberg},
	Title = {Informationsmanagement},
	Year = {2001}}

@misc{schuelein_2009,
	Author = {Sch{\"u}lein, P. and Murnleitner, M.},
	Howpublished = {\url{https://www.pwc.de/de/prozessoptimierung/assets/Studie-IT-Kosten-Wertmanagement.pdf} (26.06.2015)},
	Title = {IT-Kosten- und Wertmanagement},
	Year = {2009}}

@book{kerres_hochschulen_2005,
	Author = {Kerres, M.},
	Date-Added = {2015-06-01 19:15:32 +0000},
	Date-Modified = {2015-06-01 19:16:11 +0000},
	Publisher = {Keil-Slawik, R.},
	Title = {Hochschulen im digitalen Zeitalter},
	Year = {2005}}

@book{jakoby_intensivtraining_2015,
	Author = {Jakoby, W.},
	Date-Added = {2015-06-01 17:03:16 +0000},
	Date-Modified = {2015-06-01 17:04:05 +0000},
	Publisher = {Springer Fachmedien Wiesbaden},
	Title = {Intensivtraining Projektmanagement},
	Year = {2015}}

@book{kraus_projekt_2010,
	Author = {Kraus, G. and Westermann, R.},
	Date-Added = {2015-06-01 17:00:33 +0000},
	Date-Modified = {2015-06-01 17:01:21 +0000},
	Publisher = {Springer Gabler},
	Title = {Projektmanagement mit System: Organisation, Methoden, Steuerung},
	Volume = {4},
	Year = {2010}}

@book{grob_einfuhrung_2004,
	Author = {Grob, H. L. and Reepmeyer, J.-A. and Bensberg, F.},
	Date-Added = {2015-06-01 16:37:03 +0000},
	Date-Modified = {2015-06-01 16:38:06 +0000},
	Publisher = {Verlag Vahlen},
	Title = {Einf{\"u}hrung in die Wirtschaftsinformatik},
	Volume = {5},
	Year = {2004}}

@article{altvater_organisation_2007,
	Author = {Altvater, P. and Bauer, Y.},
	Date-Added = {2015-06-01 16:29:55 +0000},
	Date-Modified = {2015-06-01 16:31:09 +0000},
	Journal = {HIS:Forum Hochschule},
	Title = {Organisationsentwicklung in Hochschulen},
	Volume = {14},
	Year = {2007}}

@article{stratmann_it_2013,
	Author = {Stratmann, F.},
	Date-Added = {2015-06-01 16:18:04 +0000},
	Date-Modified = {2015-06-01 16:38:22 +0000},
	Journal = {HIS:Forum Hochschule},
	Number = {4},
	Title = {IT und Organisation in Hochschulen},
	Year = {2013}}

@book{gadatsch_masterkurs_2014,
	Author = {Gadatsch, A. and Mayer, E.},
	Date-Added = {2015-06-01 16:08:12 +0000},
	Date-Modified = {2015-06-01 16:09:24 +0000},
	Publisher = {Springer Fachmedien Wiesbaden},
	Title = {Masterkurs IT-Controlling},
	Year = {2014}}

@book{pkl_2005,
	Author = {{Projektgruppe Kosten- und Leistungsrechnung Hannover}},
	Date-Added = {2015-06-01 14:53:04 +0000},
	Date-Modified = {2015-06-01 14:55:06 +0000},
	Publisher = {Universit{\"a}t Hannover},
	Title = {Handbuch der Kostenartenrechnung},
	Year = {2005}}

@book{reim_erfolgsrechnung_2015,
	Author = {Reim, J.},
	Date-Added = {2015-06-01 14:24:10 +0000},
	Date-Modified = {2015-06-01 14:24:59 +0000},
	Publisher = {Gabler Verlag},
	Title = {Erfolgsrechnung - Wertsteigerung durch Wertsch{\"o}pfung},
	Year = {2015}}

@book{helfferich_2009,
	Author = {Helfferich, C.},
	Date-Added = {2015-06-01 14:14:02 +0000},
	Date-Modified = {2015-06-01 14:15:31 +0000},
	Publisher = {VS Verlag f{\"u}r Sozialwissenschaften},
	Title = {Die Qualit{\"a}t qualitativer Daten},
	Year = {2009}}

@book{hansen_business_2009,
	Author = {Hansen, H. R. and Karagiannis, D. and Fill, H.-G.},
	Date-Added = {2015-06-01 14:09:34 +0000},
	Date-Modified = {2015-06-01 14:42:02 +0000},
	Publisher = {Hansen, H. R. and Karagiannis, D. and Fill, H.-G.},
	Title = {Business Services: Konzepte, Technologien, Anwendungen},
	Year = {2009}}

@misc{nuettgens_abloesung_2014,
	Author = {N{\"u}ttgens, M.},
	Date-Added = {2015-05-30 14:37:03 +0000},
	Date-Modified = {2015-06-21 12:26:47 +0000},
	Howpublished = {\url{http://www.enzyklopaedie-der-wirtschaftsinformatik.de/wi-enzyklopaedie/lexikon/is-management/Integration-und-Migration-von-IT-Systemen/Ablosung-von-Altsystemen} (28.05.2015)},
	Month = {9},
	Title = {Abl{\"o}sung von Altsystemen},
	Year = {2014},
	Bdsk-Url-1 = {http://www.enzyklopaedie-der-wirtschaftsinformatik.de/wi-enzyklopaedie/lexikon/is-management/Integration-und-Migration-von-IT-Systemen/Ablosung-von-Altsystemen}}

@manual{migrationsleitfaden_2012,
	Author = {Rogall-Grothe, C.},
	Date-Added = {2015-05-30 14:25:28 +0000},
	Date-Modified = {2015-05-30 14:27:55 +0000},
	Month = {M{\"a}rz},
	Organization = {Die Beauftragte der Bundesregierung f{\"u}r Informationstechnik},
	Title = {Migrationsleitfaden - Leitfaden f{\"u}r die Migration von Software},
	Year = {2012}}

@book{hoelscher_wissenschaft_2011,
	Author = {H{\"o}lscher, B. and Suchanek, J.},
	Date-Added = {2015-05-30 14:05:17 +0000},
	Date-Modified = {2015-05-30 14:06:37 +0000},
	Publisher = {VS Verlag f{\"u}r Sozialwissenschaften},
	Title = {Wissenschaft und Hochschulbildung im Kontext von Wirtschaft und Medien},
	Year = {2011}}

@book{fisch_veraenderungen_2008,
	Author = {Fisch, R. and M{\"u}ller, A.},
	Date-Added = {2015-05-30 13:36:03 +0000},
	Date-Modified = {2015-05-30 13:36:49 +0000},
	Publisher = {Beck, D.},
	Title = {Ver{\"a}nderungen in Organisationen},
	Year = {2008}}

@book{lauer_change_2014,
	Author = {Lauer, T.},
	Date-Added = {2015-05-30 13:31:23 +0000},
	Date-Modified = {2015-05-30 13:32:37 +0000},
	Edition = {2},
	Publisher = {Gabler Verlag},
	Title = {Change Management},
	Year = {2014}}

@incollection{kloetgen_2012,
	Author = {Kl{\"o}tgen, S. and Lorenz, J. and Przibytzin, H. and Tr{\"o}ger, B.},
	Booktitle = {Fortschritte des integrierten Informationsmanagements an Hochschulen},
	Date-Added = {2015-05-30 12:00:05 +0000},
	Date-Modified = {2015-05-30 12:02:28 +0000},
	Publisher = {Vogl, R. and Tr{\"o}ger, B. and Schwartze, S.},
	Title = {Das digitale wissenschaftliche Informationssystem der WWU},
	Year = {2012}}

@misc{becker_prozesse_2010,
	Author = {Becker, J.},
	Date-Added = {2015-05-30 11:56:14 +0000},
	Date-Modified = {2015-05-30 11:58:03 +0000},
	Howpublished = {Vortrag},
	Title = {Prozessorientierte Verwaltungsmodernisierung an Hochschulen},
	Year = {2010}}

@book{vogl_fortschritte_2012,
	Author = {Vogl, R. and Tr{\"o}ger, B. and Schwartze, S.},
	Date-Added = {2015-05-30 11:46:21 +0000},
	Date-Modified = {2015-05-30 12:26:38 +0000},
	Publisher = {Monsenstein und Vannerdat},
	Series = {Wissenschaftliche Schriften der WWU M{\"u}nster},
	Title = {Fortschritte des integrierten Informationsmanagements an Hochschulen},
	Isbn = {9783840500527},
	Year = {2012}}

@misc{zahn_itmanagement,
	Author = {Zahn, M.},
	Date-Added = {2015-05-30 11:41:43 +0000},
	Date-Modified = {2015-05-30 11:51:54 +0000},
	Howpublished = {Vortrag},
	Institution = {Universit{\"a}t Augsburg},
	Month = {November},
	Title = {Vom ITS zum IT-Management an der Universit{\"a}t Ausgburg},
	Year = {2010}}

@article{dini_webportale_2007,
	Author = {{Arbeitsgruppe Webportale}},
	Date-Added = {2015-05-30 11:36:09 +0000},
	Date-Modified = {2015-05-30 11:38:30 +0000},
	Journal = {DINI Schriften},
	Title = {Personalisierte Webportale f{\"u}r Hochschulen},
	Volume = {9},
	Year = {2007}}

@article{baun_servervirtualisierung_2009,
	Author = {Baun, C. and Kunze, M. and Ludwig, T.},
	Date-Added = {2015-05-30 11:12:40 +0000},
	Date-Modified = {2015-05-30 11:30:47 +0000},
	Journal = {Informatik-Spektrum},
	Month = {Juni},
	Number = {3},
	Pages = {197-205},
	Title = {Servervirtualisierung},
	Volume = {32},
	Year = {2009}}

@book{huber_informationsintegration_2014,
	Author = {Huber, S.},
	Date = {2014},
	Date-Modified = {2015-05-30 11:50:37 +0000},
	Isbn = {9783658077488},
	Location = {Wiesbaden},
	Publisher = {Springer Gabler},
	Shorttitle = {Informationsintegration in dynamischen Unternehmensnetzwerken},
	Title = {Informationsintegration in dynamischen Unternehmensnetzwerken},
	Url = {http://search.ebscohost.com/login.aspx?direct=true&scope=site&db=nlebk&db=nlabk&AN=869620},
	Urldate = {2015-04-06},
	Year = {2014},
	Bdsk-Url-1 = {http://search.ebscohost.com/login.aspx?direct=true&scope=site&db=nlebk&db=nlabk&AN=869620}}

@book{breitner_neue_2007,
	Author = {Breitner, M. H. and Bruns, B. and Lehner, F.},
	Date = {2007},
	Date-Modified = {2015-05-30 11:27:16 +0000},
	Isbn = {9783790819175},
	Location = {Heidelberg},
	Publisher = {Physica-Verlag},
	Title = {Neue Trends im E-Learning},
	Year = {2007}}

@book{bode_informationsmanagement_2010,
	Author = {Bode, A.},
	Date-Modified = {2015-05-30 11:50:48 +0000},
	Isbn = {9783642047190},
	Location = {Berlin [u.a.]},
	Publisher = {Springer Verlag},
	Title = {Informationsmanagement in Hochschulen},
	Year = {2010}}

@book{breiter_implementierung_2011,
	Author = {Breiter, A. and Fischer, A.},
	Date-Modified = {2015-05-30 11:22:51 +0000},
	Isbn = {9783642184772},
	Location = {Heidelberg},
	Publisher = {Springer Verlag},
	Title = {Implementierung von {IT} service-management Erfolgsfaktoren aus nationalen und internationalen Fallstudien},
	Url = {http://public.eblib.com/choice/publicfullrecord.aspx?p=763572},
	Urldate = {2015-04-06},
	Year = {2011},
	Bdsk-Url-1 = {http://public.eblib.com/choice/publicfullrecord.aspx?p=763572}}

@book{herzfeldt_untersuchung_2015,
	Author = {Herzfeldt, A.},
	Date = {2015},
	Date-Modified = {2015-05-30 11:27:55 +0000},
	Isbn = {9783658088545},
	Location = {Wiesbaden},
	Publisher = {Springer Fachmedien Wiesbaden},
	Title = {Untersuchung der Profitabilit{\"a}t von {IT}-L{\"o}sungen Eine Praxisstudie aus Anbietersicht},
	Year = {2015}}

@book{krcmar_einfuhrung_2015,
	Author = {Krcmar, H.},
	Isbn = {9783662443286},
	Location = {Berlin, Heidelberg},
	Publisher = {Springer-Gabler},
	Title = {Einf{\"u}hrung in das Informationsmanagement},
	Year = {2015}}

@book{knauer_act_2015,
	Author = {Knauer, D.},
	Date = {2015},
	Date-Modified = {2015-05-30 11:50:21 +0000},
	Isbn = {9783658067502},
	Location = {Wiesbaden},
	Publisher = {Springer Fachmedien Wiesbaden {GmbH}},
	Title = {Act Big - Neue Ans{\"a}tze f{\"u}r das Informationsmanagement Informationsstrategien im Zeitalter von Big Data und digitaler Transformation},
	Year = {2015}}

@book{vogl_bericht_2013,
	Author = {Vogl, R. and Tr{\"o}ger, B. and Schwarte, M.},
	Date-Modified = {2015-05-30 11:31:56 +0000},
	Isbn = {9783840500534},
	Location = {M{\"u}nster},
	Publisher = {Monsenstein und Vannerdat},
	Title = {Integriertes Informationsmanagement an der Universit{\"a}t M{\"u}nster},
	Year = {2013}}

@article{teubner_information_2005,
	Author = {Teubner, A.},
	Journal = {WISU --- Das Wirtschaftsstudium},
	Note = {Publication status: Published},
	Number = {1},
	Pages = {59--62},
	Title = {Information als Wirtschaftsgut und Produktionsfaktor},
	Volume = {34},
	Year = {2005}}

@incollection{zarnekow_intergriertes_2004,
	Address = {Heidelberg},
	Author = {Zarnekow, R. and Brenner, W.},
	Booktitle = {Informationsmanagement: Konzepte und Strategien f\"ur die Praxis},
	Date-Modified = {2015-06-03 13:25:35 +0000},
	Editor = {Zarnekow, R. and Brenner, W. and Grohmann, H.},
	Pages = {3-24},
	Publisher = {dpunkt},
	Title = {Integriertes Informationsmanagement: Vom Plan, Build, Run zum Source, Make, Deliver},
	Type = {itsm},
	Year = {2004}}

@book{mintzberg_1992,
	Address = {Landsberg, Lech},
	Author = {Mintzberg, H.},
	Date-Modified = {2015-06-03 15:11:44 +0000},
	Editor = {Hoehlein, Helga},
	Isbn = {3-478-31470-4},
	Publisher = {Moderne Industrie},
	Title = {Die Mintzberg-Struktur. Organisationen effektiver gestalten},
	Year = {1992}}

@book{bonfadelli_medienwirkungsforschung_2015,
	Title                    = {Medienwirkungsforschung},
	Author                   = {Bonfadelli, H. and Friemel, T. N.},
	Publisher                = {Konstanz, UVK},
	Year                     = {2015},
	Isbn                   = {978-3-8385-4247-8}}
	
@misc{w3c_media_queries_url,
	Title = {Media Queries, W3C Recommendation 19 June 2012},
	Author = {{Rivoal, F.}},
	Howpublished = {\url{http://www.w3.org/TR/css3-mediaqueries/} (22.06.2015)},
	Year = {2012}
	}	
	
@patent{content_management_system_patent,
	Title = {Content Management System},
	Nationality = {USA},
	Number = {US 6,356,903 B1},
	Year = {2002},
	Yearfiled = {1998},
	Author = {Baxter, S. and Vogt, L. C.}}
	
	
@misc{hsel_leitbild_url,
	Author = {{Hochschule Emden/Leer}},
	Title = {Leitbild der Hochschule Emden/Leer},
	Howpublished = {\url{http://www.hs-emden-leer.de/hochschule/leitbild.html} (22.06.2015)},
	Year = {2015}	
	}	
	
@misc{kantarworldpanel_mobile_betriebssysteme_url,
	Title = {Smartphone OS sales market share},
	Author = {{Kantar Worldpanel ComTech}},
	Howpublished = {\url{http://www.kantarworldpanel.com/global/smartphone-os-market-share/} (22.06.2015)},
	Year = {2015}	
	}	

@misc{apple_app_distribution_guide_url,
	Author = {{Apple Inc.}},
	Title = {Apple App Distribution Guide},
	Howpublished = {\url{https://developer.apple.com/library/ios/documentation/IDEs/Conceptual/AppDistributionGuide/Introduction/Introduction.html} (22.06.2015)},
	Year = {2015}
	}

@misc{definition_informationsmanager,
	Author = {Lackes, R.},
	Howpublished = {\url{https://www.evalag.de/dedievl/projekt01/media
	pdf/qm/audit/evalag_eckpunkte_qualitaetsmanagement.pdf} (23.06.2015)},
	Title = {Gabler Wirtschaftslexikon},
	Year = {2015}}

@techreport{zki_studie_cio_2014,
	Author = {Lang, U. and Wimmer, M.},
	Institution = {Zentren für Kommunikation und Informationsverarbeitung in Lehre und Forschung e.V},
	Howpublished = {\url{https://https://www.zki.de/fileadmin/zki/Publikationen/ZKI_CIO-Studie_final.pdf} (24.06.2015)}, 
	Title = {CIOs und IT-Governance an
	deutschen Hochschulen},
	Page = {1-22},
	Type = {Studie},
	Year = {2014}}

@article{leitner_itil_2008,
	Author = {Leitner, M.},
	Journal = {HIS: Forum Hochschule},
	Title = {ITIL goes University? Serviceorientiertes IT-Management an Hochschulen},
	Year = {2008}}	

@article{schroeder_2011,
	Author = {Schr{\"o}der, T.},
	Journal = {HIS: Forum Prüfungsverwaltung},
	Title = {Kunden- und Serviceorientierung als Herausforderung für deutsche Hochschulen},
	Year = {2011}}		

@article{klug_2008,
	Author = {Klug, H.},
	Journal = {Wissensmanagement online},
	Title = {Herausforderungen an das Informationsmanagement einer Hochschule},
	Year = {2008}}		

@book{heinrich_stelzer_2011,
	Author = {Heinrich, L. J. and Stelzer, D.},
	Edition = {10},
	Isbn = {978-3-486-702253-8},
	Location = {München},
	Publisher = {Oldenbourg Verlag},
	Title = {Informationsmanagement Grundlagen, Aufgaben, Methoden},
	Year = {2011}}

@book{becker_gora_uhrig_2012,
	Author = {Becker, L. and Gora, W.},
	Editor = {Uhrig, M.},
	Edition = {1},
	Isbn = {978-3-86329-430-4},
	Location = {Düsseldorf},
	Publisher = {Symposion Publishing},
	Title = {Informationsmanagement 2.0},
	Year = {2012}}

@article{beuschel_2009,
	Author = {Beuschel, W.},
	Journal = {Fachhochschule Brandenburg/Verbund VFH},
	Title = {Informationsmanagement - Modulhandbuch für Fern- und Onlinestudiengänge},
	Year = {2009}}			

@article{moenkediek_2006,
	Author = {M{\"o}nkediek, J.},
	Journal = {DFG},
	Title = {Informationsmanagement an Hochschulen - Organisation, Dienste und Systeme},
	Year = {2006}}		

@article{barthelemy_2001,
	Author = {Barthelemy, J. and Geyer, D.},
	Journal = {European Management Journal},
	Number = {19},
	Title = {IT-Outsourcing: Evidence from France and Germany},
	Year = {2001}}	

@book{deutsche_wissenschaft_2010,
	Author = {Frank, A. and Hieronimus, S. and Killius, N. and Meyer-Guckel, V.},
	Edition = {1},
	Isbn = {978-3-922275-38-1},
	Location = {Essen},
	Publisher = {Deutsche Wissenschaft},
	Title = {Rolle und Zukunft privater Hochschulen in Deutschland},
	Year = {2010}}

@article{bode_2007,
	Author = {Bode, A.},
	Journal = {Symposion Publishing},
	Title = {Informationsinfrastrukturen für Hochschulen},
	Year = {2007}}	

@article{wissensmanagement_2010,
	Author = {Altvater, P. and Hamschmidt, M. and Sehl, I.},
	Journal = {HIS: Wissensmanagement},
	Title = {Prozessorientierte Hochschule},
	Year = {2010}}	

@misc{gunter_muller_interview,
	Author = {Müller, G.},
	Title = {Persönliches Interview},
	Howpublished = {geführt von Marc Enders und Tina Koppermann am 29.04.2015},
	Year = {2015}
}

@misc{digicampus_2009,
	Author = {Noack, P. and Rosina, P. and Strehl, B.},
	Institution = {Medienlabor des Instituts für Medien und Bildungstechnologie Augsburg},
	Howpublished = {\url{http://subs.emis.de/LNI/Proceedings/Proceedings153/gi-proc-153-017.pdf} (26.06.2015)},
	Title = {Digicampus: Integration von E-Learning Werkzeugen und Realisierung einer campusweiten Lehr-/Lernplattform},
	Year = {2009}
}

@misc{forrester_research_2012,
	Author = {{Forrester Research}},
	Howpublished = {\url{http://www.trendmicro.com/cloud-content/us/pdfs/business/white-papers/wp_forrester_measure-value-of-consumerization.pdf} (23.06.2015)},
	Title = {Key Strategies To Capture And Measure The Value Of Consumerization Of IT},
	Year = {2012}}

@misc{oevel_lange_2008,
	Author = {Oevel, G. and Lange, G.},
	Howpublished = {\url{http://www.google.de} (23.06.2015)},
	Title = {ZKI LMS-Umfrage},
	Year = {2008}}

@book{schmidtjh_2013,
	Author = {Schmidt, J.-H.},
	Isbn = {97836580209},
	Location = {Wiesbaden},
	Publisher = {Springer Fachmedien Wiesbaden},
	Title = {Social Media},
	Year = {2013}}

@misc{nistpub_2011,
	Author = {Mell, P. and Grance, T.},
	Howpublished = {\url{http://csrc.nist.gov/publications/nistpubs/800-145/SP800-145.pdf} (26.06.2015)},
	Title = {The NIST Definition of Cloud Computing},
	Year = {2011}}

@book{keller_klein_tuschl_2015,
	Author = {Keller, B. and Klein, H.-W. and Tuschl, S.},
	Isbn = {978-3-658-05399-4},
	Location = {Wiesbaden},
	Publisher = {Springer Fachmedien Wiesbaden},
	Title = {Zukunft der Marktforschung Entwicklungschancen in Zeiten von Social Media und Big Data},
	Year = {2015}}

@misc{bode_2008,
	Author = {Bode, A.},
	Howpublished = {\url{http://www.dfg.de/download/pdf/dfg_im_profil/gremien/hauptausschuss/it_infrastruktur/dfg_tum_bode.pdf} (26.06.2015)},
	Title = {Integriertes Informationsmanagement an der Technischen Universität München},
	Year = {2008}}

@book{kr_ru_wiba_2015,
	Author = {Kreutzer, R. T. and Rumler, A. and Wille-Baumkauff, B.},
	Isbn = {978-3-658-04694-1},
	Location = {Wiesbaden},
	Publisher = {Springer Gabler},
	Title = {B2B-Online-Marketing und Social Media},
	Year = {2015}}

@book{lammenett_2014,
	Author = {Lammenett, E.},
	Isbn = {978-3-658-03312-5},
	Location = {Wiesbaden},
	Publisher = {Springer Gabler},
	Title = {Praxiswissen Online-Marketing},
	Year = {2014}}

@misc{ge_wi_2009,
	Author = {Geyer, H. and Wilsdorf, K.},
	Howpublished = {\url{http://www.hs-merseburg.de/fileadmin/_migrated/content_uploads/090219_Marketingkonzept_Final.pdf} (26.06.2015)},
	Title = {Masterkonzept der Hochschule Merseburg (FH) zur Steigerung der Attraktivität der Studienangebote und für das Marketing im Rahmen des Hochschulpaktes 2020},
	Year = {2009}}

@misc{wickhill_byod_2013,
	Author = {{Wick Hill Kommunikationstechnik GmbH}},
	Title = {BYOD - Viele Vorteile bei Einhaltung von Sicherheitsregeln},
	Year = {2013},
	Howpublished = {\url{http://www.wickhill.de/theguardian/byod-viele-vorteile-bei-einhaltung-von-sicherheitsspielregeln/} (26.05.2015)}
}

@misc{statista_markanteile_smartphone_2015,
	Author = {{Statista GmbH}},
	Title = {Marktanteile der Betriebssysteme an der Smartphone-Nutzung in Deutschland von Dezember 2011 bis Februar 2015},
	Year = {2015},
	Howpublished = {\url{http://de.statista.com/statistik/daten/studie/170408/umfrage/marktanteile-der-betriebssysteme-fuer-smartphones-in-deutschland/} (26.06.2015)}
}

@misc{thnuernberg_software_2015,
	Author = {{Technische Hochschule N\"urnberg Georg Simon Ohm}},
	Title = {Software - Angebote für Hochschulangeh\"orige},
	Year = {2015},
	Howpublished = {\url{https://www.th-nuernberg.de/institutionen/rechenzentrum/hard-software/software/page.html} (26.06.2015)}
	}

@misc{github_edu,
	Author = {{GitHub, Inc.}},
	Title = {GitHub Education},
	Year = {2015},
	Howpublished = {\url{https://education.github.com/} (26.06.2015)}
}
@misc{jetbrains_edu,
	Author = {{JetBrains s.r.o.}},
	Title = {Free for students:	Professional developer tools from JetBrains},
	Year = {2015},
	Howpublished = {\url{https://www.jetbrains.com/student/} (26.06.2015)}
}
@misc{video2brain_edu,
	Author = {{video2brain GmbH}},
	Title = {video2brain Education},
	Year = {2015},
	Howpublished = {\url{https://www.video2brain.com/de/education} (26.06.2015)}
}

@misc{harnisch_identitat_2008,
	Author = {Harnisch, H.},
	Title = {Identitätsmanagement},
	Year = {2008},
	Howpublished = {\url{https://www.rrzn.uni-hannover.de/fileadmin/it_sicherheit/pdf/SiTaWS08-idm.pdf} (26.06.2015)}
}

@misc{hszwickau_zahlen_2015,
	Author = {{Westsächsische Hochschule Zwickau}},
	Title = {Zahlen, Daten, Dienste},
	Year = {2015},
	Howpublished = {\url{https://www.fh-zwickau.de/index.php?id=8901} (26.06.2015)}
}

@misc{unikassel_dms_2015,
	Author = {{Universität Kassel}},
	Title = {Dokumentenmanagement (DMS)},
	Year = {2015},
	Howpublished = {\url{http://www.uni-kassel.de/its-handbuch/kommunikation/dms/dokumentenmanagement-dms.html} (26.06.2015)}
}

@misc{wwu_printnpay_2014,
	Author = {{Westfälische Wilhelms-Universität Münster}},
	Editor = {{Zentrum für Informationsverarbeitung}},
	Title = {Print \& Pay - Dein güstiger Druckservice},
	Year = {2014},
	Howpublished = {\url{https://www.uni-muenster.de/imperia/md/content/ziv/pdf/printpay_flyer.pdf} (26.06.2015)}
}

@misc{hsel_zeitreihe_2014,
	Author = {{Hochschule Emden/Leer}},
	Title = {Zeitreihe Studierende (Wintersemester)},
	Year = {2014},
	Howpublished = {\url{http://www.hs-emden-leer.de/fileadmin/user_upload/Einrichtungen/ZDF/Studierende/JV_
	Stud_20142.pdf} (26.06.2015)}
}
@misc{hsel_zdf_2015,
	Author = {{Hochschule Emden/Leer}},
	Title = {Zahlen, Daten, Fakten},
	Year = {2015},
	Howpublished = {\url{https://www.hs-emden-leer.de/no_cache/hochschule/zahlen-daten-fakten.html} (26.06.2015)}
}
@misc{hsel_organigramm_2015,
	Author = {{Hochschule Emden/Leer}},
	Title = {Organigramm der Hochschule Emden/Leer},
	Year = {2015},
	Howpublished = {\url{http://www.hs-emden-leer.de/hochschule/organigramm.html} (26.06.2015)}
}
@misc{hsel_infosys_2015,
	Author = {{Hochschule Emden/Leer}},
	Title = {INFOSYS},
	Year = {2015},
	Howpublished = {\url{http://www.hs-emden-leer.de/aktuelles-termine/infosys.html} (26.06.2015)}
}
@misc{hsel_infosys_app_2014,
	Author = {{Hochschule Emden/Leer}},
	Title = {Bedienungsanleitung InfoSys App},
	Year = {2014},
	Howpublished = {\url{http://www.hs-emden-leer.de/fileadmin/user_upload/Einrichtungen/HRZ/download/Bedienungsanleitung_InfoSys.pdf} (26.06.2015)}
}
@misc{hsel_prasidialburo_2013,
	Author = {{Hochschule Emden/Leer}},
	Title = {Organigramm Präsidialbüro},
	Year = {2013},
	Howpublished = {\url{http://www.hs-emden-leer.de/fileadmin/user_upload/Einrichtungen/Praesidialbuero/Organigramm_Praesidialbuero_Juli2013_01.pdf} (26.06.2015)}
}

@incollection{langebeck_change_2011,
	Author = {Langenbeck, U. and Suchanek, J. and Höschler, B.},
	Editor = {Höschler, B. and Suchanek, J.},
	Booktitle = {Wissenschaft und Hochschulbildung im Kontext von Wirtschaft und Medien},
	Isbn = {978-3-531-15261-5},
	Date-Modified = {2015-06-25 23:00:00 +0000},
	Location = {Wiesbaden}, 
	Publisher = {VS Verlag für Sozialwissenschaften | Springer Fachmedien},
	Title = {Change Managment an Hochschulen: Zu den Potentialen des Coaching einer Expertenorganisation},
	Year = {2011}}

@book{sonntag_change_2008,
	Author = {Sonntag, K. and Stegmeier, R. and Michel, A.},
	Editor = {Fisch, R. and Müller, A. and Beck, D.},
	Booktitle = {Veränderungen in Organisationen},
	Isbn = {978-3-531-15973-7},
	Date-Added = {2015-05-30 13:36:03 +0000},
	Date-Modified = {2015-06-25 23:12:49 +0000},
	Location = {Wiesbaden},
	Publisher = {VS Verlag für Sozialwissenschaften | GWV Fachverlage GmbH},
	Title = {Change Management an Hochschulen: Konzepte, Tools und Erfahrungen bei der Umsetzung},
	Year = {2008}}

@misc{oncampus_inm_skript_2015,
	Author = {{Hochschule Emden/Leer}},
	Title = {Zusammenarbeit CIO und Controller},
	Year = {2015},
	Howpublished =
	{\url{http://vfhinf.oncampus.de/loop/Zusammenarbeit zwischen CIO und IT-Controller} (18.06.2015)}
}

@misc{oncampus_inm_skript_2015_2,
	Author = {{Hochschule Emden/Leer}},
	Title = {Aufgaben und Funktion des Informationsmanagers},
	Year = {2015},
	Howpublished =
	{\url{http://vfhinf.oncampus.de/loop/Aufgaben_und_Funktionen_des_Informationsmanagers} (23.06.2015)}
}

@misc{kit_4_2,
	Author = {{Karlsruher Institut für Technologie}},
	Title = {Zahlen, Daten, Fakten},
	Year = {2015},
	Howpublished =
	{\url{https://www.kit.edu/mediathek/print_forschung/Flyer_KIT_de.pdf} (18.06.2015)}
}

@misc{dfg_kit_2015,
	Author = {{Prof. Dr. Wilfried Juling}},
	Title = {Best Practice Workshop der KIT-KfR},
	Year = {2008},
	Howpublished =
	{\url{http://www.dfg.de/download/pdf/dfg_im_profil/gremien/hauptausschuss/it_infrastruktur/dfg_karlsruhe_juling.pdf} (18.06.2015)}
}

@misc{univ_mun_42_zdf,
	Author = {{Universität Münster}},
	Title = {Zahlen, Daten, Fakten},
	Year = {2015},
	Howpublished =
	{\url{http://www.uni-muenster.de/profil/zahlen.html} (18.06.2015)}
}

@misc{univ_mun_42_zdf,
	Author = {{Karlsruher Institut für Technologie}},
	Title = {Zahlen, Daten, Fakten},
	Year = {2015},
	Howpublished =
	{\url{http://www.kit.edu/kit/daten.php} (18.06.2015)}
}

@misc{fh_lub_42_zdf,
	Author = {{Fachhochschule Lübeck}},
	Title = {Zahlen, Daten, Fakten},
	Year = {2015},
	Howpublished =
	{\url{https://www.fh-luebeck.de/hochschule/praesidium/zahlen-daten-fakten} (18.06.2015)}
}

@misc{dfg_42_merkblatt,
	Author = {{Deutsche Forschungsgesellschaft}},
	Title = {Merkblatt - Werkzeuge und Verfahren des wissenschaftlichen Informationsmanagements},
	Year = {2014},
	Howpublished =
	{\url{http://www.dfg.de/formulare/12_13/12_13_de.pdf} (18.06.2015)}
}

@misc{tco_tool_42,
	Author = {{Claude Eisenhut, Peter Hirzel}},
	Title = {Projekt Homepage TCO Tool},
	Year = {2015},
	Howpublished =
	{\url{http://sourceforge.net/projects/tcotool/} (07.06.2015)}
}

@misc{lmu_dfg_klassen_42,
	Author = {{Ludwig-Maximilians-Universität München}},
	Title = {DFG Klassen},
	Year = {2015},
	Howpublished =
	{\url{https://www.physik.uni-muenchen.de/fakultaet/organisation/geschaeftsstelle/merkblaetter/dfg-tabelle.pdf} (23.06.2015)}
}

@misc{tarife_ofd_42,
	Author = {{Markus Klenk, ISAR GmbH}},
	Title = {Informationsseiten des öffentlichen Dienstes},
	Year = {2015},
	Howpublished =
	{\url{http://oeffentlicher-dienst.info} (17.06.2015)}
}

@misc{dev_fb_42,
	Author = {{Facebook, Inc}},
	Title = {Documentation for buliding Facebook Apps},
	Year = {2015},
	Howpublished =
	{\url{https://developers.facebook.com/docs} (05.06.2015)}
}

@misc{eclipse_bpmn2_modeler,
	Author = {Bob Brodt},
	Title = {Eclipse BPMN2 Modeler},
	Year = {2015},
	Howpublished = {\url{http://www.eclipse.org/bpmn2-modeler/} (27.06.2015)}
}

@misc{activiti_website,
	Author = {Activiti Team},
	Title = {Activiti},
	Year = {2015},
	Howpublished = {\url{http://activiti.org/index.html} (27.06.2015)}
}

@misc{macklin_moodle_sso_plugin,
	Author = {John T. Macklin},
	Title = {Moodle LDAP SSO Authentication Plugin},
	Year = {2009},
	Howpublished = {\url{http://sourceforge.net/projects/moodleldapsso/} (26.06.2015)}
}

@misc{ojs_setup_sso,
	Author = {Axfelix},
	Title = {Setting up authentication - PKP Wiki},
	Year = {2010},
	Howpublished = {\url{https://pkp.sfu.ca/wiki/index.php?title=Setting_up_authentication} (27.06.2015)}
}

@misc{evasys_muenster,
	Author = {Wissenschaftliche Fakultät Münster},
	Title = {Lehrevaluation | Wirtschaftswissenschaftliche Fakultät},
	Year = {2015},
	Howpublished = {\url{https://www.wiwi.uni-muenster.de/fakultaet/de/studium/lehrevaluation} (27.06.2015)}
}

@misc{evasys_dortmund,
	Author = {Martin Kötterheinrich},
	Title = {ITMC Dienstleistungskatalog},
	Year = {2013},
	Howpublished = {\url{https://www.itmc.uni-dortmund.de/component/phocadownload/category/158-ordnungen-und-regelungen.html?download=637:dienstleistungskatalog} (27.06.2015)}
}

@misc{evasys_sso,
	Author = {Electric Paper GmbH},
	Title = {Neue Funktionen in EvaSys V5.0},
	Year = {2011},
	Howpublished = {\url{http://www.ku.de/fileadmin/190304/Feature_Function_Benefit_EvaSys_V5.0_DE.pdf} (27.06.2015)}
}



@misc{citekey,
	Author = {},
	Title = {},
	Year = {},
	Howpublished = {\url{} (26.06.2015)}
}
@misc{citekey,
	Author = {},
	Title = {},
	Year = {},
	Howpublished = {\url{} (26.06.2015)}
}
@misc{citekey,
	Author = {},
	Title = {},
	Year = {},
	Howpublished = {\url{} (26.06.2015)}
}
@misc{citekey,
	Author = {},
	Title = {},
	Year = {},
	Howpublished = {\url{} (26.06.2015)}
}
@misc{citekey,
	Author = {},
	Title = {},
	Year = {},
	Howpublished = {\url{} (26.06.2015)}
}
@misc{citekey,
	Author = {},
	Title = {},
	Year = {},
	Howpublished = {\url{} (26.06.2015)}
}
@misc{citekey,
	Author = {},
	Title = {},
	Year = {},
	Howpublished = {\url{} (26.06.2015)}
}
@misc{citekey,
	Author = {},
	Title = {},
	Year = {},
	Howpublished = {\url{} (26.06.2015)}
}
@misc{citekey,
	Author = {},
	Title = {},
	Year = {},
	Howpublished = {\url{} (26.06.2015)}
}
@misc{citekey,
	Author = {},
	Title = {},
	Year = {},
	Howpublished = {\url{} (26.06.2015)}
}



% TEMPLATE FOR URL
@misc{citekey,
	Author = {},
	Title = {},
	Year = {},
	Howpublished = {\url{} (26.06.2015)}
	}
